@article{villas2015signature,
  title={The signature of mesoscale eddies on the air-sea turbulent heat fluxes in the South Atlantic Ocean},
  author={\textbf{Villas B{\^o}as}, \textbf{Ana B} and Sato, Olga T and Chaigneau, Alexis and Castel{\~a}o, Guilherme P},
  journal={Geophysical Research Letters},
  volume={42},
  number={6},
  pages={1856--1862},
  year={2015}
}

@article{castelao2013objective,
  title={An objective reference system for studying rings in the ocean},
  author={Castel{\~a}o, Guilherme P and Irber, Luiz C and \textbf{Villas B\^{o}as}, \textbf{Ana B} },
  journal={Computers \& Geosciences},
  volume={61},
  pages={43--49},
  year={2013},
  publisher={Pergamon}
}


@article{villasboas2017california,
  title={Characterization of the Deepâ€“Water Surface Wave Variability in the {C}alifornia {C}urrent {R}egion.},
  author={\textbf{Ana B Villas B\^{o}as} and Sarah T Gille and Matthew R Mazloff and Bruce D Cornuelle},
  journal={in review for the Journal of Geophysical Research -- Oceans},
  year={2017},
}
